<?xml version="1.0" encoding="UTF-8"?><collection xmlns="http://www.loc.gov/MARC21/slim"><record><leader>00444nam--2200145-i-4500</leader><controlfield tag="001">000027976</controlfield><controlfield tag="002">20161230</controlfield><controlfield tag="005">20161230201037</controlfield><controlfield tag="008">060222s1000------------r-----000-0-eng-d</controlfield><datafield ind1=" " ind2=" " tag="080"><subfield code="a">517.9(043)</subfield></datafield><datafield ind1=" " ind2="1" tag="100"><subfield code="a">Laurent, Yves</subfield></datafield><datafield ind1="1" ind2="0" tag="245"><subfield code="a">Theorie de la deuxieme microlocalisation dans le domaine complexe:operateurs 2-microdifferenties. these</subfield></datafield><datafield ind1=" " ind2=" " tag="260"><subfield code="a">Orsay, Univ. Paris-sud, 1982. 290p</subfield></datafield><datafield ind1=" " ind2=" " tag="852"><subfield code="a">71073</subfield><subfield code="c">517.9</subfield></datafield><datafield ind1=" " ind2=" " tag="CAT"><subfield code="a">Sys</subfield><subfield code="c">20090413</subfield><subfield code="h">122057</subfield></datafield></record></collection>